<?xml version="1.0" encoding="UTF-8"?><collection xmlns="http://www.loc.gov/MARC21/slim"><record><leader>00523nam--2200193-i-4500</leader><controlfield tag="001">000021446</controlfield><controlfield tag="002">20161230</controlfield><controlfield tag="005">20161230201034</controlfield><controlfield tag="008">060222s1000------------r-----000-0-fre-d</controlfield><datafield ind1=" " ind2=" " tag="040"><subfield code="a">IFIN-HH</subfield></datafield><datafield ind1=" " ind2=" " tag="041"><subfield code="a">fre</subfield></datafield><datafield ind1=" " ind2=" " tag="080"><subfield code="a">537.533.3</subfield></datafield><datafield ind1="1" ind2=" " tag="100"><subfield code="a">Grivet, P</subfield></datafield><datafield ind1="1" ind2="0" tag="245"><subfield code="a">Optique electronique</subfield><subfield code="b">Volume 1: lentiles electroniques preface de louis de broglie</subfield></datafield><datafield ind1=" " ind2=" " tag="260"><subfield code="a">Paris</subfield><subfield code="b">Bordas</subfield><subfield code="c">1955</subfield></datafield><datafield ind1=" " ind2=" " tag="300"><subfield code="a">184P</subfield></datafield><datafield ind1=" " ind2=" " tag="490"><subfield code="a">Bibliotheque De La Science Moderne</subfield></datafield><datafield ind1=" " ind2=" " tag="852"><subfield code="a">10339</subfield><subfield code="c">537.533.3</subfield></datafield><datafield ind1=" " ind2=" " tag="CAT"><subfield code="a">Sys</subfield><subfield code="c">20110831</subfield><subfield code="h">122817</subfield></datafield></record></collection>